@ONLINE{gazebo_21,
author = {},
title = {Robot simulation made easy.},
month = Agosto,
year = {2021},
url = {http://gazebosim.org/}
}

@misc{STMicroelectronics_23,
  author = "{STMicroelectronics}",
  title = "{STMicroelectronics}",
  howpublished = "{Geneva, Switzerland}",
  year = {2023},
  note="{}",
  url={https://www.st.com/content/st_com/en.html}
}

@manual{abntex2classe,
	Author = {Lauro C{\'e}sar Araujo},
	Date-Added = {2013-01-09 10:37:38 +0000},
	Date-Modified = {2015-04-27 22:42:47 +0000},
	Organization = {Equipe abnTeX2},
	Title = {A classe abntex2: Modelo can{\^o}nico de trabalhos acad{\^e}micos brasileiros compat{\'\i}vel com as normas ABNT NBR 14724:2011, ABNT NBR 6024:2012 e outras},
	Url = {http://www.abntex.net.br/},
	Year = {2015},
	Bdsk-Url-1 = {http://www.abntex.net.br/}
}

@misc{Arduino_23,
  author = "{Arduino}",
  title = "{Arduino CC}",
  howpublished = "{New York, New York, United States}",
  year = {2023},
  note="{Organization -  For Profit}",
  url={https://www.arduino.cc}
}

@article{acidente_uber_23,
  author = "{Caroline Sassatelli e Guilherme Blanco Muniz}",
  title = "{Falha em software pode ter motivado acidente fatal com autônomo da Uber}",
  journal = "{autoesporte - globo}",
  year = {2018},
  month = {Maio},
  day = {15},
  url = {https://autoesporte.globo.com/carros/noticia/2018/05/falha-em-software-pode-ter-motivado-acidente-fatal-com-autonomo-da-uber.ghtml}
}

@article{acidente_boing_23,
  author = "{Natalie Rosa}",
  title = "{Boeing admite que sabia de falhas de software antes de dois acidentes fatais}",
  journal = "{CanalTech}",
  year = {2019},
  month = {Maio},
  day = {6},
  url = {https://canaltech.com.br/software/boeing-admite-que-sabia-de-falhas-de-software-antes-de-dois-acidentes-fatais-138563/l}
}

@misc{google_protocol_buffers,
  author = "{Google}",
  title = "{Google Protocol Buffers}",
  howpublished = "{Mountain View, California, United States}",
  year = {2023},
  note="{Organization -  For Profit}",
  url={https://protobuf.dev/}
}

@misc{publisher_subscriber,
  author = "{Microsoft}",
  title = "{Publisher-Subscriber pattern}",
  howpublished = "{Redmond, Washington, United States}",
  year = {2023},
  note="{Organization -  For Profit}",
  url={https://learn.microsoft.com/en-us/azure/architecture/patterns/publisher-subscriber}
}

@manual{STM32F103C8T6_Datasheet_23,
	Author = {STMicroelectronics},
	Organization = {STMicroelectronics},
	Title = {Medium-density performance line Arm®-based 32-bit MCU with
64 or 128 KB Flash, USB, CAN, 7 timers, 2 ADCs, 9 com. interfaces},
	Url = {https://www.st.com/resource/en/datasheet/stm32f103c8.pdf},
	Year = {2022},
}

@ONLINE{eletronic_hub_23,
    author = {EletronicHub},
  title = "{Basics of Microcontrollers – History, Structure and Applications}",
  url = {https://www.electronicshub.org/microcontrollers-basics-structure-applications/}
}
